% ===================== Journal Article =====================
@article{citation_key,
  author    = {Author Name},
  title     = {Title of the article},
  journal   = {Journal Name},
  volume    = {Volume Number},
  number    = {Issue Number},
  pages     = {Page Range},
  year      = {Year},
  publisher = {Publisher},
}


% ===================== Book =====================
@book{citation_key,
  author    = {Author Name},
  title     = {Title of the Book},
  publisher = {Publisher},
  year      = {Year},
  edition   = {Edition}, % Optional
}

% ===================== Conference Paper =====================
@inproceedings{citation_key,
  author    = {Author Name},
  title     = {Title of the Paper},
  booktitle = {Conference Name},
  year      = {Year},
  pages     = {Page Range},
  publisher = {Publisher},
}

% ================= Website =====================
@misc{citation_key,
  author    = {Author Name},
  title     = {Title of the Webpage},
  year      = {Year},
  url       = {https://www.example.com},
  note      = {Accessed: YYYY-MM-DD}
}
